<record><leader>00000cas a22000007a 4500</leader><controlfield tag="001">11167392</controlfield><controlfield tag="008">840918c19629999wiudn ne      0   a0eng d</controlfield><datafield ind1=" " ind2=" " tag="010"><subfield code="a">sn 84001232 </subfield></datafield><datafield ind1=" " ind2=" " tag="040"><subfield code="a">NSD</subfield><subfield code="b">eng</subfield><subfield code="c">NSD</subfield><subfield code="d">NPV</subfield><subfield code="d">NSD</subfield><subfield code="d">OCLCQ</subfield></datafield><datafield ind1=" " ind2=" " tag="012"><subfield code="k">1</subfield><subfield code="l">1</subfield><subfield code="m">1</subfield></datafield><datafield ind1="1" ind2=" " tag="022"><subfield code="a">0749-713X</subfield><subfield code="l">0749-713X</subfield><subfield code="2">1</subfield></datafield><datafield ind1="1" ind2=" " tag="029"><subfield code="a">AU@</subfield><subfield code="b">000044352536</subfield></datafield><datafield ind1="1" ind2=" " tag="029"><subfield code="a">NZ1</subfield><subfield code="b">16075951</subfield></datafield><datafield ind1=" " ind2=" " tag="032"><subfield code="a">292600</subfield><subfield code="b">USPS</subfield></datafield><datafield ind1=" " ind2=" " tag="037"><subfield code="b">Kenosha News Publishing Co., 715-58th St., Kenosha, WI 531541-0190</subfield></datafield><datafield ind1=" " ind2=" " tag="042"><subfield code="a">nsdp</subfield></datafield><datafield ind1=" " ind2="0" tag="222"><subfield code="a">Kenosha news</subfield></datafield><datafield ind1="0" ind2="0" tag="245"><subfield code="a">Kenosha news.</subfield></datafield><datafield ind1=" " ind2=" " tag="260"><subfield code="a">Kenosha, Wis. :</subfield><subfield code="b">Kenosha News Pub. Co.,</subfield><subfield code="c">1962-</subfield></datafield><datafield ind1=" " ind2=" " tag="310"><subfield code="a">Daily (except Sat. and Sun.)</subfield></datafield><datafield ind1=" " ind2=" " tag="321"><subfield code="a">Daily (except Sun.),</subfield><subfield code="b">1962-1980</subfield></datafield><datafield ind1="0" ind2=" " tag="362"><subfield code="a">Vol. 68, no. 161 (April 30, 1962)-</subfield></datafield><datafield ind1=" " ind2=" " tag="515"><subfield code="a">Drops volume and numbering.</subfield></datafield><datafield ind1=" " ind2=" " tag="580"><subfield code="a">Issued on Sundays as: Sunday news.</subfield></datafield><datafield ind1=" " ind2=" " tag="752"><subfield code="a">United States</subfield><subfield code="b">Wisconsin</subfield><subfield code="c">Kenosha</subfield><subfield code="d">Kenosha.</subfield></datafield><datafield ind1="1" ind2=" " tag="775"><subfield code="t">Sunday news</subfield><subfield code="w">(DLC)sn 8407052</subfield></datafield><datafield ind1="0" ind2="0" tag="780"><subfield code="t">Kenosha evening news</subfield><subfield code="w">(DLC)sn 87082083</subfield></datafield><datafield ind1=" " ind2=" " tag="936"><subfield code="a">Thrusday, Oct. 29, 1987 LIC</subfield></datafield></record>